
@article{DBLP:journals/corr/abs-1812-01477,
  author    = {Mauricio Araya and
               Maximiliano Osorio and
               Mat{\'{\i}}as D{\'{\i}}az and
               Carlos Ponce and
               Mart{\'{\i}}n Villanueva and
               Camilo Valenzuela and
               Mauricio Solar},
  title     = {{JOVIAL:} Notebook-based Astronomical Data Analysis in the Cloud},
  journal   = {CoRR},
  volume    = {abs/1812.01477},
  year      = {2018},
  url       = {http://arxiv.org/abs/1812.01477},
  archivePrefix = {arXiv},
  eprint    = {1812.01477},
  timestamp = {Thu, 03 Jan 2019 09:29:38 +0100},
  biburl    = {https://dblp.org/rec/bib/journals/corr/abs-1812-01477},
  bibsource = {dblp computer science bibliography, https://dblp.org}
}

@incollection{diaz2018docker,
  title={Docker-based implementation for an astronomical data analysis cloud service},
  author={D{\'\i}az, M and Araya, M and Jauregui, C and Valenzuela, C and Pizarro, L and Osorio, M and Solar, M},
  booktitle={XXVII Astronomical Data Analysis Software \& Systems},
  pages={1--4},
  year={2018},
  publisher={ADASS}
}

@inproceedings{DBLP:conf/semweb/OsorioAV18,
  author    = {Maximiliano Osorio and
               Carlos Buil Aranda and
               Hern{\'{a}}n Vargas},
  title     = {Reproducibility of Computational Environments for Scientific Experiments
               using Container-based Virtualization},
  booktitle = {Proceedings of the Second Workshop on Enabling Open Semantic Science
               co-located with 17th International Semantic Web Conference, SemSci@ISWC
               2018, Monterey, California, USA, October 8-12th, 2018.},
  pages     = {43--51},
  year      = {2018},
  crossref  = {DBLP:conf/semweb/2018semsci},
  url       = {http://ceur-ws.org/Vol-2184/paper-05.pdf},
  timestamp = {Mon, 03 Sep 2018 18:27:53 +0200},
  biburl    = {https://dblp.org/rec/bib/conf/semweb/OsorioAV18},
  bibsource = {dblp computer science bibliography, https://dblp.org}
}


@inproceedings{DBLP:conf/semweb/OsorioAV18a,
  author    = {Maximiliano Osorio and
               Carlos Buil Aranda and
               Hern{\'{a}}n Vargas},
  title     = {DockerPedia: a Knowledge Graph of Docker Images},
  booktitle = {Proceedings of the {ISWC} 2018 Posters {\&} Demonstrations, Industry
               and Blue Sky Ideas Tracks co-located with 17th International Semantic
               Web Conference {(ISWC} 2018), Monterey, USA, October 8th - to - 12th,
               2018.},
  year      = {2018},
  crossref  = {DBLP:conf/semweb/2018p},
  url       = {http://ceur-ws.org/Vol-2180/paper-47.pdf},
  timestamp = {Thu, 11 Oct 2018 12:45:11 +0200},
  biburl    = {https://dblp.org/rec/bib/conf/semweb/OsorioAV18a},
  bibsource = {dblp computer science bibliography, https://dblp.org}
}

@inproceedings{DBLP:conf/semweb/OsorioA17,
  author    = {Maximiliano Osorio and
               Carlos Buil Aranda},
  title     = {Storage Balancing in {P2P} Based Distributed {RDF} Data Stores},
  booktitle = {Proceedings of the Workshop on Decentralizing the Semantic Web 2017
               co-located with 16th International Semantic Web Conference {(ISWC}
               2017)},
  year      = {2017},
  crossref  = {DBLP:conf/semweb/2017desemweb},
  url       = {http://ceur-ws.org/Vol-1934/contribution-04.pdf},
  timestamp = {Wed, 27 Sep 2017 10:53:42 +0200},
  biburl    = {https://dblp.org/rec/bib/conf/semweb/OsorioA17},
  bibsource = {dblp computer science bibliography, https://dblp.org}
}


@proceedings{DBLP:conf/semweb/2017desemweb,
  editor    = {Ruben Verborgh and
               Tobias Kuhn and
               Andrei Sambra},
  title     = {Proceedings of the Workshop on Decentralizing the Semantic Web 2017
               co-located with 16th International Semantic Web Conference {(ISWC}
               2017)},
  series    = {{CEUR} Workshop Proceedings},
  volume    = {1934},
  publisher = {CEUR-WS.org},
  year      = {2017},
  url       = {http://ceur-ws.org/Vol-1934},
  urn       = {urn:nbn:de:0074-1934-0},
  timestamp = {Wed, 27 Sep 2017 10:50:36 +0200},
  biburl    = {https://dblp.org/rec/bib/conf/semweb/2017desemweb},
  bibsource = {dblp computer science bibliography, https://dblp.org}
}

@proceedings{DBLP:conf/semweb/2018p,
  editor    = {Marieke van Erp and
               Medha Atre and
               Vanessa L{\'{o}}pez and
               Kavitha Srinivas and
               Carolina Fortuna},
  title     = {Proceedings of the {ISWC} 2018 Posters {\&} Demonstrations, Industry
               and Blue Sky Ideas Tracks co-located with 17th International Semantic
               Web Conference {(ISWC} 2018), Monterey, USA, October 8th - to - 12th,
               2018},
  series    = {{CEUR} Workshop Proceedings},
  volume    = {2180},
  publisher = {CEUR-WS.org},
  year      = {2018},
  url       = {http://ceur-ws.org/Vol-2180},
  urn       = {urn:nbn:de:0074-2180-3},
  timestamp = {Thu, 11 Oct 2018 11:18:37 +0200},
  biburl    = {https://dblp.org/rec/bib/conf/semweb/2018p},
  bibsource = {dblp computer science bibliography, https://dblp.org}
}


@proceedings{DBLP:conf/semweb/2018semsci,
  editor    = {Daniel Garijo and
               Natalia Villanueva{-}Rosales and
               Tobias Kuhn and
               Tomi Kauppinen and
               Michel Dumontier},
  title     = {Proceedings of the Second Workshop on Enabling Open Semantic Science
               co-located with 17th International Semantic Web Conference, SemSci@ISWC
               2018, Monterey, California, USA, October 8-12th, 2018},
  series    = {{CEUR} Workshop Proceedings},
  volume    = {2184},
  publisher = {CEUR-WS.org},
  year      = {2018},
  url       = {http://ceur-ws.org/Vol-2184},
  urn       = {urn:nbn:de:0074-2184-8},
  timestamp = {Mon, 03 Sep 2018 18:25:18 +0200},
  biburl    = {https://dblp.org/rec/bib/conf/semweb/2018semsci},
  bibsource = {dblp computer science bibliography, https://dblp.org}
}